@inproceedings{depthanything,
	title     = {Depth Anything: Unleashing the Power of Large-Scale Unlabeled Data},
	author    = {Yang, Lihe and Kang, Bingyi and Huang, Zilong and Xu, Xiaogang and Feng, Jiashi and Zhao, Hengshuang},
	booktitle = {Proceedings of the IEEE Conference on Computer Vision and Pattern Recognition (CVPR)},
	year      = {2024}
}

@article{depth_anything_v2,
	title     = {Depth Anything V2},
	author    = {Yang, Lihe and Kang, Bingyi and Huang, Zilong and Zhao, Zhen and Xu, Xiaogang and Feng, Jiashi and Zhao, Hengshuang},
	journal   = {arXiv preprint arXiv:2406.09414},
	year      = {2024}
}

@article{saxena2008depth,
	author    = {A. Saxena and S.H. Chung and A.Y. Ng},
	title     = {3-D Depth Reconstruction from a Single Still Image},
	journal   = {International Journal of Computer Vision},
	volume    = {76},
	number    = {1},
	pages     = {53--69},
	year      = {2008},
	doi       = {10.1007/s11263-007-0071-y}
}
